@string{POT       = {Proceedings of the }}

%% System
@string{SOSP      = { ACM Symposium on Operating Systems Principles \textbf{(SOSP)}}}
@string{OSDI      = { USENIX Symposium on Operating Systems Design and Implementation \textbf{(OSDI)}}}
@string{ATC       = { USENIX Annual Technical Conference \textbf{(ATC)}}}
@string{EUROSYS   = { European Conference on Computer Systems \textbf{(EuroSys)}}}
@string{FAST      = { USENIX Conference on File and Storage Technologies \textbf{(FAST)}}}
@string{MOBISYS   = { ACM International Conference on Mobile Computing Systems \textbf{(MobiSys)}}}
@string{MOBICOM   = { ACM Annual International Conference on Mobile Computing and Networking \textbf{(MobiCom)}}}
@string{SOCC      = { ACM Symposium on Cloud Computing \textbf{(SoCC)}}}
@string{APSYS     = { Asia-Pacific Workshop on Systems \textbf{(APSys)}}}
@string{PODC      = { ACM SIGACT-SIGOPS Symposium on Principles of Distributed Computing \textbf{(PODC)}}}
@string{HOTOS     = { USENIX Workshop on Hot Topics in Operating Systems \textbf{(HotOS)}}}
@string{HOTPOWER  = { Workshop on Power-Aware Computing and Systems \textbf{(HotPower)}}}
@string{ICDCS     = { International Conference on Distributed Computing Systems \textbf{(ICDCS)}}}
@string{SC        = { International Conference for High Performance Computing, Networking, Storage and Analysis \textbf{(SC)}}}
@string{TACAS     = { International Conference on Tools and Algorithms for the Construction and Analysis of Systems \textbf{(TACAS)}}}
@string{TOCS      = { ACM Transactions on Computer Systems}}
@string{OSR       = { ACM SIGOPS Operating System Review}}
@string{OLS       = { Linux Symposium }}

%% Security
@string{SP        = { IEEE Symposium on Security and Privacy \textbf{\textbf{(S\textnormal{\textbf{\&}}P)}}}}
@string{SEC       = { USENIX Security Symposium \textbf{(Security)}}}
@string{CCS       = { ACM Conference on Computer and Communications Security \textbf{(CCS)}}}
@string{NDSS      = { Annual Network and Distributed System Security Symposium \textbf{(NDSS)}}}
@string{RAID      = { International Symposium on Research in Attacks, Intrusions and Defenses \textbf{(RAID)}}}
@string{ESORICS   = { European Symposium on Research in Computer Security \textbf{(ESORICS)}}}
@string{ACSAC     = { Annual Computer Security Applications Conference \textbf{(ACSAC)}}}
@string{DSN       = { International Conference on Dependable Systems and Networks \textbf{(DSN)}}}
@string{WOOT      = { USENIX Workshop on Offensive Technologies \textbf{(WOOT)}}}
@string{DIMVA     = { Conference on Detection of Intrusions and Malware and Vulnerability Assessment \textbf{(DIMVA)}}}
@string{ASIACCS   = { ACM Symposium on Information, Computer and Communications Security \textbf{(ASIACCS)}}}
@string{BLACKHAT  = { Black Hat USA Briefings}}
@string{SDNNFVSEC = { ACM International Workshop on Security in SDN and NFV}}
@string{WUSEC     = { Workshop on Usable Security \textbf{(USEC)}}}
@string{ISC       = { Information Security Conference \textbf{(ISC)}}}
@string{SOUPS     = { ACM Symposium on Usable Privacy and Security \textbf{(SOUPS)}}}
@string{TISSEC    = { ACM Transactions on Information and System Security}}

%% PL/Compiler
@string{POPL      = { ACM Symposium on Principles of Programming Languages \textbf{(POPL)}}}
@string{PLDI      = { ACM SIGPLAN Conference on Programming Language Design and Implementation \textbf{(PLDI)}}}
@string{CC        = { International Conference on Compiler Construction \textbf{(CC)}}}
@string{CGO       = { International Symposium on Code Generation and Optimization \textbf{(CGO)}}}
@string{OOPSLA    = { Annual ACM Conference on Object-Oriented Programming, Systems, Languages, and Applications \textbf{(OOPSLA)}}}
@string{PPOPP     = { ACM Symposium on Principles and Practice of Parallel Programming \textbf{(PPOPP)}}}
@string{ISMM      = { International Symposium on Memory Management \textbf{(ISMM)}}}
@string{TOPLAS    = { ACM Transactions on Programming Languages and Systems}}

%% SE
@string{ICSE      = { International Conference on Software Engineering \textbf{(ICSE)}}}
@string{FSE       = { ACM SIGSOFT Symposium on the Foundations of Software Engineering \textbf{(FSE)}}}
@string{ASE       = { IEEE/ACM International Conference on Automated Software Engineering \textbf{(ASE)}}}
@string{ISSTA     = { International Symposium on Software Testing and Analysis \textbf{(ISSTA)}}}
@string{ESEC      = { European Software Engineering Conference \textbf{(ESEC)}}}
@string{CAV       = { International Conference on Computer Aided Verification \textbf{(CAV)}}}

%% Web
@string{WWW       = { International World Wide Web Conference \textbf{(WWW)}}}

%% Arch
@string{ISCA      = { ACM/IEEE International Symposium on Computer Architecture \textbf{(ISCA)}}}
@string{MICRO     = { Annual IEEE/ACM International Symposium on Microarchitecture \textbf{(MICRO)}}}
@string{ASPLOS    = { ACM International Conference on Architectural Support for Programming Languages and Operating Systems \textbf{(ASPLOS)}}}
@string{HPCA      = { IEEE Symposium on High Performance Computer Architecture \textbf{(HPCA)}}}
@string{PACT      = { International Conference on Parallel Architectures and Compilation Techniques \textbf{(PACT)}}}

%% Crypto
@string{CRYPTO    = { International Cryptology Conference \textbf{(CRYPTO)}}}
@string{EUROCRYPT = { Annual International Conference on the Theory and Applications of Cryptographic Techniques \textbf{(EUROCRYPT)}}}
@string{ASIACRYPT = { Annual International Conference on the Theory and Application of Cryptology and Information Security \textbf{(ASIACRYPT)}}}
@string{CTRSA     = { The Cryptographer's Track at the RSA Conference \textbf{(CT-RSA)}}}
@string{CHES      = { Cryptographic Hardware and Embedded Systems \textbf{(CHES)}}}

%% Network
@string{SIGCOMM   = { ACM SIGCOMM}}
@string{NSDI      = { USENIX Symposium on Networked Systems Design and Implementation \textbf{(NSDI)}}}
@string{HOTNETS   = { ACM Workshop on Hot Topics in Networks \textbf{(HotNets)}}}
@string{CACM      = { Communications of the ACM}}

%% DB/Mining
@string{VLDB      = { International Conference on Very Large Data Bases \textbf{(VLDB)}}}
@string{SIGMOD    = { ACM SIGMOD/PODS Conference}}
@string{ICDE      = { IEEE International Conference on Data Engineering \textbf{(ICDE)}}}
@string{CIDR      = { biennial Conference on Innovative Data Systems Research \textbf{(CIDR)}}}


%% Else
@string{STOC      = { Annual ACM Symposium on Theory of Computing \textbf{(STOC)}}}
@string{WCSE      = { International Workshop on Computer Science and Engineering \textbf{(WCSE)}}}
@string{ICEEI     = { International Conference on Electrical Engineering and Informatics \textbf{(ICEEI)}}}
@string{SAC       = { ACM Symposium on Applied Computing \textbf{(SAC)}}}
@string{MDM       = { IEEE International Conference on Mobile Data Management \textbf{(MDM)}}}

%% ----------------------------------------------------------------------
%% SOSP
%% ----------------------------------------------------------------------
@Proceedings{SOSP72,
  title        = " 3rd " # SOSP,
  booktitle    = " 3rd " # SOSP,
  year         = 1972,
  month        = mar,
}

@Proceedings{SOSP75,
  title        = " 5th " # SOSP,
  booktitle    = " 5th " # SOSP,
  year         = 1975,
  month        = nov,
  address      = {Austin, TX},
}

@Proceedings{SOSP77,
  title        = " 6th " # SOSP,
  booktitle    = " 6th " # SOSP,
  year         = 1977,
  address      = {West Lafayette, IN},
}

@Proceedings{SOSP81,
  title        = " 8th " # SOSP,
  booktitle    = " 8th " # SOSP,
  year         = 1981,
  month        = dec,
  address      = {Pacific Grove, CA},
}

@Proceedings{SOSP83,
  title        = " 9th " # SOSP,
  booktitle    = " 9th " # SOSP,
  year         = 1983,
}

@Proceedings{SOSP85,
  title        = " 10th " # SOSP,
  booktitle    = " 10th " # SOSP,
  address      = {Orcas Island, WA},
  year         = 1985,
  month        = Dec,
}

@Proceedings{SOSP89,
  title        = " 12th " # SOSP,
  booktitle    = " 12th " # SOSP,
  year         = 1989,
}

@Proceedings{SOSP91,
  title        = " 13th " # SOSP,
  booktitle    = " 13th " # SOSP,
  year         = 1991,
  month        = Oct,
  address      = {Pacific Grove, CA},
}

@Proceedings{SOSP93,
  title        = " 14th " # SOSP,
  booktitle    = " 14th " # SOSP,
  year         = 1993,
  month        = dec,
  address      = {Asheville, NC},
}

@Proceedings{SOSP95,
  title        = " 15th " # SOSP,
  booktitle    = " 15th " # SOSP,
  year         = 1995,
  month        = dec,
  address      = {Copper Mountain, CO},
}

@Proceedings{SOSP97,
  title        = " 16th " # SOSP,
  booktitle    = " 16th " # SOSP,
  month        = oct,
  year         = 1997,
  address      = {Saint-Malo, France},
}

@Proceedings{SOSP99,
  title        = " 17th " # SOSP,
  booktitle    = " 17th " # SOSP,
  month        = dec,
  year         = 1999,
  address      = {Kiawa Island, SC},
}

@Proceedings{SOSP01,
  title        = " 18th " # SOSP,
  booktitle    = " 18th " # SOSP,
  month        = oct,
  year         = 2001,
  address      = {Chateau Lake Louise, Banff, Canada},
}

@Proceedings{SOSP03,
  title        = " 19th " # SOSP,
  booktitle    = " 19th " # SOSP,
  month        = oct,
  year         = 2003,
  address      = {Bolton Landing, NY},
}

@Proceedings{SOSP05,
  title        = " 20th " # SOSP,
  booktitle    = " 20th " # SOSP,
  month        = oct,
  year         = 2005,
  address      = {Brighton, UK},
}

@Proceedings{SOSP07,
  title        = " 21st " # SOSP,
  booktitle    = " 21st " # SOSP,
  month        = oct,
  year         = 2007,
  address      = {Stevenson, WA},
}

@Proceedings{SOSP09,
  title        = " 22nd " # SOSP,
  booktitle    = " 22nd " # SOSP,
  month        = oct,
  year         = 2009,
  address      = {Big Sky, MT},
}

@Proceedings{SOSP11,
  title        = " 23rd " # SOSP,
  booktitle    = " 23rd " # SOSP,
  month        = oct,
  year         = 2011,
  address      = {Cascais, Portugal},
}

@Proceedings{SOSP13,
  title        = " 24th " # SOSP,
  booktitle    = " 24th " # SOSP,
  month        = nov,
  year         = 2013,
  address      = {Farmington, PA},
}

@Proceedings{SOSP15,
  title        = " 25th " # SOSP,
  booktitle    = " 25th " # SOSP,
  month        = oct,
  year         = 2015,
  address      = {Monterey, CA},
}

@Proceedings{SOSP17,
  title        = " 26th " # SOSP,
  booktitle    = " 26th " # SOSP,
  month        = oct,
  year         = 2017,
  address      = {Shanghai, China},
}

@Proceedings{SOSP19,
  title        = " 27th " # SOSP,
  booktitle    = " 27th " # SOSP,
  month        = oct,
  year         = 2019,
  address      = {Huntsville, Ontario, Canada},
}

@Proceedings{SOSP21,
  title        = " 28th " # SOSP,
  booktitle    = " 28th " # SOSP,
  month        = oct,
  year         = 2021,
  address      = {Virtual},
}

@Proceedings{SOSP24,
  title        = " 30th " # SOSP,
  booktitle    = " 30th " # SOSP,
  month        = nov,
  year         = 2024,
  address      = {Austin, TX},
}
%% ----------------------------------------------------------------------
%% ATC
%% ----------------------------------------------------------------------
@Proceedings{ATC85S,
  title        = " {S}ummer 1985 " # ATC,
  booktitle    = " {S}ummer 1985 " # ATC,
  year         = 1985,
  address      = {Portland, OR},
}

@Proceedings{ATC86S,
  title        = " {S}ummer 1986 " # ATC,
  booktitle    = " {S}ummer 1986 " # ATC,
  year         = 1986,
}

@Proceedings{ATC88W,
  title        = " {W}inter 1988 " # ATC,
  booktitle    = " {W}inter 1988 " # ATC,
  year         = 1988,
  address      = {Dallas, TX},
}

@Proceedings{ATC89W,
  title        = " {W}inter 1989 " # ATC,
  booktitle    = " {W}inter 1989 " # ATC,
  year         = 1989,
}

@Proceedings{ATC90W,
  title        = " {W}inter 1990 " # ATC,
  booktitle    = " {W}inter 1990 " # ATC,
  year         = 1990,
  address      = {Colorado Springs, CO},
}

@Proceedings{ATC90S,
  title        = " {S}ummer 1990 " # ATC,
  booktitle    = " {S}ummer 1990 " # ATC,
  year         = 1990,
  address      = {Anaheim, CA},
}

@Proceedings{ATC91W,
  title        = " {W}inter 1991 " # ATC,
  booktitle    = " {W}inter 1991 " # ATC,
  year         = 1991,
}

@Proceedings{ATC92W,
  title        = " {W}inter 1992 " # ATC,
  booktitle    = " {W}inter 1992 " # ATC,
  year         = 1992,
  month        = jan,
}

@Proceedings{ATC93W,
  title        = " {W}inter 1993 " # ATC,
  booktitle    = " {W}inter 1993 " # ATC,
  year         = 1993,
  month        = jan,
  address      = {San Diego, CA},
}

@Proceedings{ATC93S,
  title        = " {S}ummer 1993 " # ATC,
  booktitle    = " {S}ummer 1993 " # ATC,
  year         = 1993,
  month        = apr,
}

@Proceedings{ATC94W,
  title        = " {W}inter 1994 " # ATC,
  booktitle    = " {W}inter 1994 " # ATC,
  year         = 1994,
  month        = jan,
  address      = {San Francisco, CA},
}

@Proceedings{ATC97,
  title        = " 1997 " # ATC,
  booktitle    = " 1997 " # ATC,
  year         = 1997,
  month        = jan,
}

@Proceedings{ATC99,
  title        = " 1999 " # ATC,
  booktitle    = " 1999 " # ATC,
  year         = 1999,
  month        = jun,
}

@Proceedings{ATC00,
  title        = " 2000 " # ATC,
  booktitle    = " 2000 " # ATC,
  year         = 2000,
  month        = jun,
}

@Proceedings{ATC01,
  title        = " 2001 " # ATC,
  booktitle    = " 2001 " # ATC,
  year         = 2001,
  month        = jun,
}

@Proceedings{ATC02,
  title        = " 2002 " # ATC,
  booktitle    = " 2002 " # ATC,
  year         = 2002,
  month        = jun,
  address      = {Monterey, CA}
}

@Proceedings{ATC03,
  title        = " 2003 " # ATC,
  booktitle    = " 2003 " # ATC,
  month        = jun,
  year         = 2003,
  address      = {San Antonio, TX},
}

@Proceedings{ATC04,
  title        = " 2004 " # ATC,
  booktitle    = " 2004 " # ATC,
  month        = jun # {--} # jul,
  year         = 2004,
  address      = {Boston, MA},
}

@Proceedings{ATC06,
  title        = " 2006 " # ATC,
  booktitle    = " 2006 " # ATC,
  month        = may # {--} # jun,
  year         = 2006,
  address      = {Boston, MA},
}

@Proceedings{ATC07,
  title        = " 2007 " # ATC,
  booktitle    = " 2007 " # ATC,
  month        = jun,
  year         = 2007,
  address      = {Santa Clara, CA},
}

@Proceedings{ATC08,
  title        = " 2008 " # ATC,
  booktitle    = " 2008 " # ATC,
  month        = jun,
  year         = 2008,
  address      = {Boston, MA},
}

@Proceedings{ATC09,
  title        = " 2009 " # ATC,
  booktitle    = " 2009 " # ATC,
  month        = jun,
  year         = 2009,
  address      = {San Diego, CA},
}

@Proceedings{ATC10,
  title        = " 2010 " # ATC,
  booktitle    = " 2010 " # ATC,
  month        = jun,
  year         = 2010,
  address      = {Boston, MA},
}

@Proceedings{ATC12,
  title        = " 2012 " # ATC,
  booktitle    = " 2012 " # ATC,
  month        = jun,
  year         = 2012,
  address      = {Boston, MA},
}

@Proceedings{ATC13,
  title        = " 2013 " # ATC,
  booktitle    = " 2013 " # ATC,
  month        = jun,
  year         = 2013,
  address      = {San Jose, CA},
}

@Proceedings{ATC14,
  title        = " 2014 " # ATC,
  booktitle    = " 2014 " # ATC,
  month        = jun,
  year         = 2014,
  address      = {Philadelphia, PA},
}

@Proceedings{ATC15,
  title        = " 2015 " # ATC,
  booktitle    = " 2015 " # ATC,
  month        = jul,
  year         = 2015,
  address      = {Santa Clara, CA},
}

@Proceedings{ATC16,
  title        = " 2016 " # ATC,
  booktitle    = " 2016 " # ATC,
  month        = jun,
  year         = 2016,
  address      = {Denver, CO},
}

@Proceedings{ATC17,
  title        = " 2017 " # ATC,
  booktitle    = " 2017 " # ATC,
  month        = jul,
  year         = 2017,
  address      = {Santa Clara, CA},
}
%% ----------------------------------------------------------------------
%% NSDI
%% ----------------------------------------------------------------------
@Proceedings{NSDI04,
  title        = { 1st } # NSDI,
  booktitle    = { 1st } # NSDI,
  month        = mar,
  year         = 2004,
  address      = {San Francisco, CA},
}

@Proceedings{NSDI05,
  title        = { 2nd } # NSDI,
  booktitle    = { 2nd } # NSDI,
  month        = may,
  year         = 2005,
  address      = {Boston, MA},
}

@Proceedings{NSDI06,
  title        = { 3rd } # NSDI,
  booktitle    = { 3rd } # NSDI,
  month        = may,
  year         = 2006,
  address      = {San Jose, CA},
}

@Proceedings{NSDI07,
  title        = { 4th } # NSDI,
  booktitle    = { 4th } # NSDI,
  month        = apr,
  year         = 2007,
  address      = {Cambridge, MA},
}

@Proceedings{NSDI08,
  title        = { 5th } # NSDI,
  booktitle    = { 5th } # NSDI,
  month        = apr,
  year         = 2008,
  address      = {San Francisco, CA},
}

@Proceedings{NSDI09,
  title        = { 6th } # NSDI,
  booktitle    = { 6th } # NSDI,
  month        = apr,
  year         = 2009,
  address      = {Boston, MA},
}

@Proceedings{NSDI10,
  title        = { 7th } # NSDI,
  booktitle    = { 7th } # NSDI,
  month        = apr,
  year         = 2010,
  address      = {San Jose, CA},
}

@Proceedings{NSDI12,
  title        = { 9th } # NSDI,
  booktitle    = { 9th } # NSDI,
  month        = apr,
  year         = 2012,
  address      = {San Jose, CA},
}

%% ----------------------------------------------------------------------
%% PLDI
%% ----------------------------------------------------------------------
@Proceedings{PLDI90,
  title        = { 1990 } # PLDI,
  booktitle    = { 1990 } # PLDI,
  month        = jun,
  year         = 1990,
  address      = {White Plains, NY},
}

@Proceedings{PLDI95,
  title        = { 1995 } # PLDI,
  booktitle    = { 1995 } # PLDI,
  month        = jun,
  year         = 1995,
  address      = {La Jolla, CA},
}

@Proceedings{PLDI96,
  title        = { 1996 } # PLDI,
  booktitle    = { 1996 } # PLDI,
  month        = jun,
  year         = 1996,
  address      = {Philadelphia, PA},
}

@Proceedings{PLDI97,
  title        = { 1997 } # PLDI,
  booktitle    = { 1997 } # PLDI,
  month        = jun,
  year         = 1997,
  address      = {Las Vegas, NV},
}

@Proceedings{PLDI00,
  title        = { 2000 } # PLDI,
  booktitle    = { 2000 } # PLDI,
  month        = jun,
  year         = 2000,
  address      = {Vancouver, Canada},
}

@Proceedings{PLDI01,
  title        = { 2001 } # PLDI,
  booktitle    = { 2001 } # PLDI,
  month        = jun,
  year         = 2001,
  address      = {Snowbird, Utah},
}
@Proceedings{PLDI02,
  title        = { 2002 } # PLDI,
  booktitle    = { 2002 } # PLDI,
  month        = jun,
  year         = 2002,
  address      = {Berlin, Germany},
}

@Proceedings{PLDI03,
  title        = { 2003 } # PLDI,
  booktitle    = { 2003 } # PLDI,
  month        = jun,
  year         = 2003,
  address      = {San Diego, CA},
}

@Proceedings{PLDI04,
  title        = { 2004 } # PLDI,
  booktitle    = { 2004 } # PLDI,
  month        = jun,
  year         = 2004,
  address      = {Washington, DC},
}

@Proceedings{PLDI05,
  title        = { 2005 } # PLDI,
  booktitle    = { 2005 } # PLDI,
  month        = jun,
  year         = 2005,
  address      = {Chicago, IL},
}

@Proceedings{PLDI06,
  title        = { 2006 } # PLDI,
  booktitle    = { 2006 } # PLDI,
  month        = jun,
  year         = 2006,
  address      = {Ottawa, Canada},
}

@Proceedings{PLDI07,
  title        = { 2007 } # PLDI,
  booktitle    = { 2007 } # PLDI,
  month        = jun,
  year         = 2007,
  address      = {San Diego, CA},
}

@Proceedings{PLDI09,
  title        = { 2009 } # PLDI,
  booktitle    = { 2009 } # PLDI,
  month        = jun,
  year         = 2009,
  address      = {Dublin, Ireland},
}

@Proceedings{PLDI11,
  title        = { 2011 } # PLDI,
  booktitle    = { 2011 } # PLDI,
  month        = jun,
  year         = 2011,
  address      = {San Jose, CA},
}

@Proceedings{PLDI12,
  title        = { 2012 } # PLDI,
  booktitle    = { 2012 } # PLDI,
  month        = jun,
  year         = 2012,
  address      = {Beijing, China},
}

@Proceedings{PLDI13,
  title        = { 2013 } # PLDI,
  booktitle    = { 2013 } # PLDI,
  month        = jun,
  year         = 2013,
  address      = {Seattle, WA},
}

@Proceedings{PLDI15,
  title        = { 2015 } # PLDI,
  booktitle    = { 2015 } # PLDI,
  month        = jun,
  year         = 2015,
  address      = {Portland, OR},
}

@Proceedings{PLDI19,
  title        = { 2019 } # PLDI,
  booktitle    = { 2019 } # PLDI,
  month        = jun,
  year         = 2019,
  address      = {Phoenix, AZ},
}

%% ----------------------------------------------------------------------
%% OSDI
%% ----------------------------------------------------------------------
@Proceedings{OSDI99,
  title        = { 3rd } # OSDI,
  booktitle    = { 3rd } # OSDI,
  month        = feb,
  year         = 1999,
  address      = {New Orleans, LA},
}

@Proceedings{OSDI00,
  title        = { 4th } # OSDI,
  booktitle    = { 4th } # OSDI,
  month        = oct,
  year         = 2000,
  address      = {San Diego, CA},
}

@Proceedings{OSDI02,
  title        = { 5th } # OSDI,
  booktitle    = { 5th } # OSDI,
  month        = dec,
  year         = 2002,
  address      = {Boston, MA},
}

@Proceedings{OSDI04,
  title        = { 6th } # OSDI,
  booktitle    = { 6th } # OSDI,
  month        = dec,
  year         = 2004,
  address      = {San Francisco, CA},
}

@Proceedings{OSDI06,
  title        = { 7th } # OSDI,
  booktitle    = { 7th } # OSDI,
  month        = nov,
  year         = 2006,
  address      = {Seattle, WA},
}

@Proceedings{OSDI08,
  title        = { 8th } # OSDI,
  booktitle    = { 8th } # OSDI,
  month        = dec,
  year         = 2008,
  address      = {San Diego, CA},
}

@Proceedings{OSDI10,
  title        = { 9th } # OSDI,
  booktitle    = { 9th } # OSDI,
  month        = oct,
  year         = 2010,
  address      = {Vancouver, Canada},
}

@Proceedings{OSDI12,
  title        = { 10th } # OSDI,
  booktitle    = { 10th } # OSDI,
  month        = oct,
  year         = 2012,
  address      = {Hollywood, CA},
}

@Proceedings{OSDI14,
  title        = { 11th } # OSDI,
  booktitle    = { 11th } # OSDI,
  month        = oct,
  year         = 2014,
  address      = {Broomfield, Colorado},
}

@Proceedings{OSDI16,
  title        = { 12th } # OSDI,
  booktitle    = { 12th } # OSDI,
  month        = nov,
  year         = 2016,
  address      = {Savannah, GA},
}

%% ----------------------------------------------------------------------
%% EUROSYS
%% ----------------------------------------------------------------------
@Proceedings{EUROSYS06,
  title        = { 1st } # EUROSYS,
  booktitle    = { 1st } # EUROSYS,
  month        = apr,
  year         = 2006,
  address      = {Leuven, Belgium},
}

@Proceedings{EUROSYS07,
  title        = { 2nd } # EUROSYS,
  booktitle    = { 2nd } # EUROSYS,
  month        = mar,
  year         = 2007,
  address      = {Lisbon, Portugal},
}

@Proceedings{EUROSYS08,
  title        = { 3rd } # EUROSYS,
  booktitle    = { 3rd } # EUROSYS,
  month        = mar,
  year         = 2008,
  address      = {Glasgow, Scotland},
}

@Proceedings{EUROSYS09,
  title        = { 4th } # EUROSYS,
  booktitle    = { 4th } # EUROSYS,
  month        = mar,
  year         = 2009,
  address      = {Nuremberg, Germany},
}

@Proceedings{EUROSYS10,
  title        = { 5th } # EUROSYS,
  booktitle    = { 5th } # EUROSYS,
  month        = apr,
  year         = 2010,
  address      = {Paris, France},
}

@Proceedings{EUROSYS11,
  title        = { 6th } # EUROSYS,
  booktitle    = { 6th } # EUROSYS,
  month        = apr,
  year         = 2011,
  address      = {Salzburg, Austria},
}

@Proceedings{EUROSYS12,
  title        = { 7th } # EUROSYS,
  booktitle    = { 7th } # EUROSYS,
  month        = apr,
  year         = 2012,
  address      = {Bern, Switzerland},
}

@Proceedings{EUROSYS13,
  title        = { 8th } # EUROSYS,
  booktitle    = { 8th } # EUROSYS,
  month        = apr,
  year         = 2013,
  address      = {Prague, Czech Republic},
}

@Proceedings{EUROSYS14,
  title        = { 9th } # EUROSYS,
  booktitle    = { 9th } # EUROSYS,
  month        = apr,
  year         = 2014,
  address      = {Amsterdam, The Netherlands},
}

@Proceedings{EUROSYS15,
  title        = { 10th } # EUROSYS,
  booktitle    = { 10th } # EUROSYS,
  month        = apr,
  year         = 2015,
  address      = {Bordeaux, France}
}

@Proceedings{EUROSYS16,
  title        = { 11th } # EUROSYS,
  booktitle    = { 11th } # EUROSYS,
  month        = apr,
  year         = 2016,
  address      = {London, UK}
}

@Proceedings{EUROSYS20,
  title        = { 15th } # EUROSYS,
  booktitle    = { 15th } # EUROSYS,
  month        = apr,
  year         = 2020,
  address      = {Heraklion, Crete, Greece}
}

@Proceedings{EUROSYS23,
  title        = { 18th } # EUROSYS,
  booktitle    = { 18th } # EUROSYS,
  year         = 2023,
  month        = 5,
  address      = {Rome, Italy},
}
%% ----------------------------------------------------------------------
%% ASPLOS
%% ----------------------------------------------------------------------
@Proceedings{ASPLOS02,
  title        = { 10th } # ASPLOS,
  booktitle    = { 10th } # ASPLOS,
  month        = oct,
  year         = 2002,
  address      = {San Jose, CA},
}

@Proceedings{ASPLOS06,
  title        = { 12th } # ASPLOS,
  booktitle    = { 12th } # ASPLOS,
  month        = oct,
  year         = 2006,
  address      = {San Jose, CA},
}

@Proceedings{ASPLOS08,
  title        = { 13th } # ASPLOS,
  booktitle    = { 13th } # ASPLOS,
  month        = mar,
  year         = 2008,
  address      = {Seattle, WA},
}

@Proceedings{ASPLOS09,
  title        = { 14th } # ASPLOS,
  booktitle    = { 14th } # ASPLOS,
  month        = mar,
  year         = 2009,
  address      = {Washington, DC},
}

@Proceedings{ASPLOS10,
  title        = { 15th } # ASPLOS,
  booktitle    = { 15th } # ASPLOS,
  month        = mar,
  year         = 2010,
  address      = {Istanbul, Turkey},
}

@Proceedings{ASPLOS11,
  title        = { 16th } # ASPLOS,
  booktitle    = { 16th } # ASPLOS,
  month        = mar,
  year         = 2011,
  address      = {Newport Beach, CA},
}

@Proceedings{ASPLOS12,
  title        = { 17th } # ASPLOS,
  booktitle    = { 17th } # ASPLOS,
  month        = mar,
  year         = 2012,
  address      = {London, UK},
}

@Proceedings{ASPLOS13,
  title        = { 18th } # ASPLOS,
  booktitle    = { 18th } # ASPLOS,
  month        = mar,
  year         = 2013,
  address      = {Houston, TX},
}

@Proceedings{ASPLOS15,
  title        = { 20th } # ASPLOS,
  booktitle    = { 20th } # ASPLOS,
  month        = mar,
  year         = 2015,
  address      = {Istanbul, Turkey},
}

@Proceedings{ASPLOS16,
  title        = { 21st } # ASPLOS,
  booktitle    = { 21st } # ASPLOS,
  month        = apr,
  year         = 2016,
  address      = {Atlanta, GA},
}

@Proceedings{ASPLOS17,
  title        = { 22nd } # ASPLOS,
  booktitle    = { 22nd } # ASPLOS,
  month        = apr,
  year         = 2017,
  address      = {Xi'an, China},
}

@Proceedings{ASPLOS18,
  title        = { 23rd } # ASPLOS,
  booktitle    = { 23rd } # ASPLOS,
  month        = mar,
  year         = 2018,
  address      = {Williamsburg, VA}
}
%% ----------------------------------------------------------------------
%% CCS
%% ----------------------------------------------------------------------
@Proceedings{CCS94,
  title        = { 2nd } # CCS,
  booktitle    = { 2nd } # CCS,
  month        = nov,
  year         = 1994,
  address      = {Fairfax, VA},
}

@Proceedings{CCS00,
  title        = { 7th } # CCS,
  booktitle    = { 7th } # CCS,
  month        = oct,
  year         = 2000,
  address      = {Athens, Greece},
}
@Proceedings{CCS03,
  title        = { 10th } # CCS,
  booktitle    = { 10th } # CCS,
  month        = oct,
  year         = 2003,
  address      = {Washington, DC},
}

@Proceedings{CCS04,
  title        = { 11th } # CCS,
  booktitle    = { 11th } # CCS,
  month        = oct,
  year         = 2004,
  address      = {Washington, DC},
}

@Proceedings{CCS05,
  title        = { 12th } # CCS,
  booktitle    = { 12th } # CCS,
  month        = nov,
  year         = 2005,
  address      = {Alexandria, VA},
}

@Proceedings{CCS06,
  title        = { 13th } # CCS,
  booktitle    = { 13th } # CCS,
  month        = oct # {--} # nov,
  year         = 2006,
  address      = {Alexandria, VA},
}

@Proceedings{CCS07,
  title        = { 14th } # CCS,
  booktitle    = { 14th } # CCS,
  month        = oct # {--} # nov,
  year         = 2007,
  address      = {Alexandria, VA},
}

@Proceedings{CCS09,
  title        = { 16th } # CCS,
  booktitle    = { 16th } # CCS,
  month        = nov,
  year         = 2009,
  address      = {Chicago, IL},
}
@Proceedings{CCS11,
  title        = { 18th } # CCS,
  booktitle    = { 18th } # CCS,
  month        = oct,
  year         = 2011,
  address      = {Chicago, Illinois},
}

@Proceedings{CCS12,
  title        = { 19th } # CCS,
  booktitle    = { 19th } # CCS,
  month        = oct,
  year         = 2012,
  address      = {Raleigh, NC},
}
@Proceedings{CCS13,
  title        = { 20th } # CCS,
  booktitle    = { 20th } # CCS,
  month        = oct,
  year         = 2013,
  address      = {Berlin, Germany},
}

@Proceedings{CCS14,
  title        = { 21st } # CCS,
  booktitle    = { 21st } # CCS,
  month        = nov,
  year         = 2014,
  address      = {Scottsdale, Arizona},
}

@Proceedings{CCS15,
  title        = { 22nd } # CCS,
  booktitle    = { 22nd } # CCS,
  month        = oct,
  year         = 2015,
  address      = {Denver, Colorado},
}

@Proceedings{CCS16,
  title        = { 23rd } # CCS,
  booktitle    = { 23rd } # CCS,
  month        = oct,
  year         = 2016,
  address      = {Vienna, Austria},
}

@Proceedings{CCS17,
  title        = { 23rd } # CCS,
  booktitle    = { 23rd } # CCS,
  month        = nov,
  year         = 2017,
  address      = {Dallas, Texas},
}

%% ----------------------------------------------------------------------
%% SEC 
%% ----------------------------------------------------------------------

@Proceedings{SEC96,
  title        = { 6th } # SEC,
  booktitle    = { 6th } # SEC,
  month        = jul,
  year         = 1996,
  address      = {San Jose, CA},
}

@Proceedings{SEC98,
  title        = { 7th } # SEC,
  booktitle    = { 7th } # SEC,
  month        = jan,
  year         = 1998,
  address      = {San Antonio, TX},
}

@Proceedings{SEC01,
  title        = { 10th } # SEC,
  booktitle    = { 10th } # SEC,
  month        = aug,
  year         = 2001,
  address      = {Washington, DC},
}
@Proceedings{SEC02,
  title        = { 11th } # SEC,
  booktitle    = { 11th } # SEC,
  month        = aug,
  year         = 2002,
  address      = {San Francisco, CA},
}

@Proceedings{SEC03,
  title        = { 12th } # SEC,
  booktitle    = { 12th } # SEC,
  month        = aug,
  year         = 2003,
  address      = {Washington, DC},
}

@Proceedings{SEC05,
  title        = { 14th } # SEC,
  booktitle    = { 14th } # SEC,
  month        = aug,
  year         = 2005,
  address      = {Baltimore, MD},
}

@Proceedings{SEC06,
  title        = { 15th } # SEC,
  booktitle    = { 15th } # SEC,
  month        = jul,
  year         = 2006,
  address      = {Vancouver, Canada},
}

@Proceedings{SEC07,
  title        = { 16th } # SEC,
  booktitle    = { 16th } # SEC,
  month        = aug,
  year         = 2007,
  address      = {Boston, MA},
}

@Proceedings{SEC08,
  title        = { 17th } # SEC,
  booktitle    = { 17th } # SEC,
  month        = jul # {--} # aug,
  year         = 2008,
  address      = {San Jose, CA},
}

@Proceedings{SEC09,
  title        = { 18th } # SEC,
  booktitle    = { 18th } # SEC,
  month        = aug,
  year         = 2009,
  address      = {Montreal, Canada},
}

@Proceedings{SEC10,
  title        = { 19th } # SEC,
  booktitle    = { 19th } # SEC,
  month        = aug,
  year         = 2010,
  address      = {Washington, DC},
}

@Proceedings{SEC11,
  title        = { 20th } # SEC,
  booktitle    = { 20th } # SEC,
  month        = aug,
  year         = 2011,
  address      = {San Francisco, CA},
}

@Proceedings{SEC12,
  title        = { 21st } # SEC,
  booktitle    = { 21st } # SEC,
  month        = aug,
  year         = 2012,
  address      = {Bellevue, WA},
}

@Proceedings{SEC13,
  title       = { 22th } # SEC,
  booktitle   = { 22th } # SEC,
  month       = aug,
  year        = 2013,
  address     = {Washington, DC},
}

@Proceedings{SEC14,
  title       = { 23rd } # SEC,
  booktitle   = { 23rd } # SEC,
  month       = aug,
  year        = 2014,
  address     = {San Diego, CA},
}

@Proceedings{SEC15,
  title       = { 24th } # SEC,
  booktitle   = { 24th } # SEC,
  month       = aug,
  year        = 2015,
  address     = {Washington, DC},
}

@Proceedings{SEC16,
  title       = { 25th } # SEC,
  booktitle   = { 25th } # SEC,
  month       = aug,
  year        = 2016,
  address     = {Austin, TX},
}

@Proceedings{SEC18,
  title       = { 27th } # SEC,
  booktitle   = { 27th } # SEC,
  month       = aug,
  year        = 2018,
  address     = {Baltimore, MD},
}

@Proceedings{SEC20,
  title       = { 29th } # SEC,
  booktitle   = { 29th } # SEC,
  month       = aug,
  year        = 2020,
  address     = {Virtual},
}

@Proceedings{SEC21,
  title       = { 30th } # SEC,
  booktitle   = { 30th } # SEC,
  month       = aug,
  year        = 2021,
  address     = {Virtual},
}

@Proceedings{SEC22,
  title       = { 31st } # SEC,
  booktitle   = { 31st } # SEC,
  month       = aug,
  year        = 2022,
  address     = {Boston, MA},
}
%% ----------------------------------------------------------------------
%% OAKLAND
%% ----------------------------------------------------------------------
@Proceedings{SP81,
  title        = { 2nd } # SP,
  booktitle    = { 2nd } # SP,
  month        = may,
  year         = 1981,
  address      = {Oakland, CA},
}

@Proceedings{SP82,
  title        = { 3rd } # SP,
  booktitle    = { 3rd } # SP,
  month        = apr,
  year         = 1982,
  address      = {Oakland, CA},
}

@Proceedings{SP84,
  title        = { 5th } # SP,
  booktitle    = { 5th } # SP,
  month        = apr # {--} # may,
  year         = 1984,
  address      = {Oakland, CA},
}

@Proceedings{SP85,
  title        = { 6th } # SP,
  booktitle    = { 6th } # SP,
  month        = apr,
  year         = 1985,
  address      = {Oakland, CA},
}

@Proceedings{SP86,
  title        = { 7th } # SP,
  booktitle    = { 7th } # SP,
  month        = apr,
  year         = 1986,
  address      = {Oakland, CA},
}

@Proceedings{SP87,
  title        = { 8th } # SP,
  booktitle    = { 8th } # SP,
  month        = apr,
  year         = 1987,
  address      = {Oakland, CA},
}

@Proceedings{SP88,
  title        = { 9th } # SP,
  booktitle    = { 9th } # SP,
  month        = apr,
  year         = 1988,
  address      = {Oakland, CA},
}

@Proceedings{SP89,
  title        = { 10th } # SP,
  booktitle    = { 10th } # SP,
  month        = may,
  year         = 1989,
  address      = {Oakland, CA},
}

@Proceedings{SP90,
  title        = { 11th } # SP,
  booktitle    = { 11th } # SP,
  month        = may,
  year         = 1990,
  address      = {Oakland, CA},
}

@Proceedings{SP91,
  title        = { 12th } # SP,
  booktitle    = { 12th } # SP,
  month        = may,
  year         = 1991,
  address      = {Oakland, CA},
}

@Proceedings{SP92,
  title        = { 13th } # SP,
  booktitle    = { 13th } # SP,
  month        = may,
  year         = 1992,
  address      = {Oakland, CA},
}

@Proceedings{SP93,
  title        = { 14th } # SP,
  booktitle    = { 14th } # SP,
  month        = may,
  year         = 1993,
  address      = {Oakland, CA},
}

@Proceedings{SP94,
  title        = { 15th } # SP,
  booktitle    = { 15th } # SP,
  month        = may,
  year         = 1994,
  address      = {Oakland, CA},
}

@Proceedings{SP97,
  title        = { 18th } # SP,
  booktitle    = { 18th } # SP,
  month        = may,
  year         = 1997,
  address      = {Oakland, CA},
}

@Proceedings{SP98,
  title        = { 19th } # SP,
  booktitle    = { 19th } # SP,
  month        = may,
  year         = 1998,
  address      = {Oakland, CA},
}

@Proceedings{SP99,
  title        = { 20th } # SP,
  booktitle    = { 20th } # SP,
  month        = may,
  year         = 1999,
  address      = {Oakland, CA},
}

@Proceedings{SP00,
  title        = { 21st } # SP,
  booktitle    = { 21st } # SP,
  month        = may,
  year         = 2000,
  address      = {Oakland, CA},
}

@Proceedings{SP01,
  title        = { 22st } # SP,
  booktitle    = { 22st } # SP,
  month        = may,
  year         = 2001,
  address      = {Oakland, CA},
}

@Proceedings{SP02,
  title        = { 23rd } # SP,
  booktitle    = { 23rd } # SP,
  month        = may,
  year         = 2002,
  address      = {Oakland, CA},
}

@Proceedings{SP03,
  title        = { 24th } # SP,
  booktitle    = { 24th } # SP,
  month        = may,
  year         = 2003,
  address      = {Oakland, CA},
}

@Proceedings{SP04,
  title        = { 25th } # SP,
  booktitle    = { 25th } # SP,
  month        = may,
  year         = 2004,
  address      = {Oakland, CA},
}

@Proceedings{SP05,
  title        = { 26th } # SP,
  booktitle    = { 26th } # SP,
  month        = may,
  year         = 2005,
  address      = {Oakland, CA},
}

@Proceedings{SP06,
  title        = { 27th } # SP,
  booktitle    = { 27th } # SP,
  month        = may,
  year         = 2006,
  address      = {Oakland, CA},
}

@Proceedings{SP07,
  title        = { 28th } # SP,
  booktitle    = { 28th } # SP,
  month        = may,
  year         = 2007,
  address      = {Oakland, CA},
}

@Proceedings{SP08,
  title        = { 29th } # SP,
  booktitle    = { 29th } # SP,
  month        = may,
  year         = 2008,
  address      = {Oakland, CA},
}

@Proceedings{SP09,
  title        = { 30th } # SP,
  booktitle    = { 30th } # SP,
  month        = may,
  year         = 2009,
  address      = {Oakland, CA},
}

@Proceedings{SP10,
  title        = { 31th } # SP,
  booktitle    = { 31th } # SP,
  month        = may,
  year         = 2010,
  address      = {Oakland, CA},
}

@Proceedings{SP11,
  title        = { 32nd } # SP,
  booktitle    = { 32nd } # SP,
  month        = may,
  year         = 2011,
  address      = {Oakland, CA},
}

@Proceedings{SP12,
  title        = { 33rd } # SP,
  booktitle    = { 33rd } # SP,
  month        = may,
  year         = 2012,
  address      = {San Francisco, CA},
}

@Proceedings{SP13,
  title        = { 34th } # SP,
  booktitle    = { 34th } # SP,
  month        = may,
  year         = 2013,
  address      = {San Francisco, CA},
}

@Proceedings{SP14,
  title        = { 35th } # SP,
  booktitle    = { 35th } # SP,
  month        = may,
  year         = 2014,
  address      = {San Jose, CA},
}

@Proceedings{SP15,
  title        = { 36th } # SP,
  booktitle    = { 36th } # SP,
  month        = may,
  year         = 2015,
  address      = {San Jose, CA},
}

@Proceedings{SP16,
  title        = { 37th } # SP,
  booktitle    = { 37th } # SP,
  month        = may,
  year         = 2016,
  address      = {San Jose, CA},
}

@Proceedings{SP19,
  title        = { 40th } # SP,
  booktitle    = { 40th } # SP,
  month        = may,
  year         = 2019,
  address      = {San Francisco, CA},
}

@Proceedings{SP20,
  title        = { 41st } # SP,
  booktitle    = { 41st } # SP,
  month        = may,
  year         = 2020,
  address      = {San Francisco, CA},
}

@Proceedings{SP22,
  title        = { 43rd } # SP,
  booktitle    = { 43rd } # SP,
  month        = may,
  year         = 2022,
  address      = {San Francisco, CA},
}

@Proceedings{SP23,
  title        = { 44th } # SP,
  booktitle    = { 44th } # SP,
  year         = 2023,
  month        = 05,
  address      = {San Francisco, CA},
}
%% ----------------------------------------------------------------------
%% OLS
%% ----------------------------------------------------------------------
@Proceedings{OLS2002,
  title        = OLS,
  booktitle    = OLS,
  month        = jun,
  year         = 2002,
  address      = {Ottawa, Canada},
}

@Proceedings{OLS2004,
  title        = OLS,
  booktitle    = OLS,
  month        = jun,
  year         = 2004,
  address      = {Ottawa, Canada},
}

@Proceedings{OLS2007,
  title        = OLS,
  booktitle    = OLS,
  month        = jun,
  year         = 2007,
  address      = {Ottawa, Canada},
}

@Proceedings{OLS2012,
  title        = OLS,
  booktitle    = OLS,
  month        = jul,
  year         = 2012,
  address      = {Ottawa, Canada},
}

%% ----------------------------------------------------------------------
%% VLDB
%% ----------------------------------------------------------------------
@Proceedings{VLDB00,
  title        = { 26th } # VLDB,
  booktitle    = { 26th } # VLDB,
  month        = sep,
  year         = 2000,
  address      = {Cairo, Egypt},
}

@Proceedings{VLDB02,
  title        = { 28th } # VLDB,
  booktitle    = { 28th } # VLDB,
  month        = aug,
  year         = 2002,
  address      = {Hong Kong, China},
}

@Proceedings{VLDB04,
  title        = { 30th } # VLDB,
  booktitle    = { 30th } # VLDB,
  month        = aug # {--} # sep,
  year         = 2004,
  address      = {Toronto, Canada},
}

@Proceedings{VLDB05,
  title        = { 31st } # VLDB,
  booktitle    = { 31st } # VLDB,
  month        = aug # {--} # sep,
  year         = 2005,
  address      = {Trondheim, Norway},
}

@Proceedings{VLDB06,
  title        = { 32nd } # VLDB,
  booktitle    = { 32nd } # VLDB,
  month        = sep,
  year         = 2006,
  address      = {Seoul, Korea},
}

@Proceedings{VLDB07,
  title        = { 33rd } # VLDB,
  booktitle    = { 33rd } # VLDB,
  month        = sep,
  year         = 2007,
  address      = {Vienna, Austria},
}

@Proceedings{VLDB10,
  title        = { 36th } # VLDB,
  booktitle    = { 36th } # VLDB,
  month        = sep,
  year         = 2010,
  address      = {Singapore},
}

@Proceedings{VLDB13,
  title        = { 39th } # VLDB,
  booktitle    = { 39th } # VLDB,
  month        = aug,
  year         = 2013,
  address      = {Riva del Garda, Italy},
}

%% ----------------------------------------------------------------------
%% SIGMOD
%% ----------------------------------------------------------------------
@Proceedings{SIGMOD02,
  title        = { 2002 } # SIGMOD,
  booktitle    = { 2002 } # SIGMOD,
  month        = jun,
  year         = 2002,
  address      = {Madison, WI},
}

@Proceedings{SIGMOD04,
  title        = { 2004 } # SIGMOD,
  booktitle    = { 2004 } # SIGMOD,
  month        = jun,
  year         = 2004,
  address      = {Paris, France},
}

@Proceedings{SIGMOD08,
  title        = { 2008 } # SIGMOD,
  booktitle    = { 2008 } # SIGMOD,
  month        = jun,
  year         = 2008,
  address      = {Vancouver, Canada},
}

@Proceedings{SIGMOD09,
  title        = { 2009 } # SIGMOD,
  booktitle    = { 2009 } # SIGMOD,
  month        = jun # {--} # jul,
  year         = 2009,
  address      = {Providence, RI},
}

@Proceedings{SIGMOD10,
  title        = { 2010 } # SIGMOD,
  booktitle    = { 2010 } # SIGMOD,
  month        = jun,
  year         = 2010,
  address      = {Indianapolis, IN},
}
@Proceedings{SIGMOD11,
  title        = { 2011 } # SIGMOD,
  booktitle    = { 2011 } # SIGMOD,
  month        = jun,
  year         = 2011,
  address      = {Athens, Greece},
}

@Proceedings{SIGMOD14,
  title        = { 2014 } # SIGMOD,
  booktitle    = { 2014 } # SIGMOD,
  month        = jun,
  year         = 2014,
  address      = {Snowbird, Utah, USA},
}

@Proceedings{SIGMOD15,
  title        = { 2015 } # SIGMOD,
  booktitle    = { 2015 } # SIGMOD,
  month        = may,
  year         = 2015,
  address      = {Melbourne, Victoria, Australia},
}

%% ----------------------------------------------------------------------
%% APSYS
%% ----------------------------------------------------------------------
@Proceedings{APSYS11,
  title        = { 2nd } # APSYS,
  booktitle    = { 2nd } # APSYS,
  month        = jul,
  year         = 2011,
  address      = {Shanghai, China},
}

@Proceedings{APSYS12,
  title        = { 3rd } # APSYS,
  booktitle    = { 3rd } # APSYS,
  month        = jul,
  year         = 2012,
  address      = {Seoul, South Korea},
}

@Proceedings{APSYS13,
  title        = { 4th } # APSYS,
  booktitle    = { 4th } # APSYS,
  month        = jul,
  year         = 2013,
  address      = {Singapore},
}

@Proceedings{APSYS15,
  title        = { 6th } # APSYS,
  booktitle    = { 6th } # APSYS,
  month        = jul,
  year         = 2015,
  address      = {Tokyo, Japan},
}

%% ----------------------------------------------------------------------
%% EUROCRYPT
%% ----------------------------------------------------------------------
@Proceedings{EUROCRYPT99,
  title        = { 18th } # EUROCRYPT,
  booktitle    = { 18th } # EUROCRYPT,
  month        = may,
  year         = 1999,
  address      = {Prague, Czech Republic},
}

@Proceedings{EUROCRYPT09,
  title        = { 28th } # EUROCRYPT,
  booktitle    = { 28th } # EUROCRYPT,
  month        = apr,
  year         = 2009,
  address      = {Cologne, Germany},
}

%% ----------------------------------------------------------------------
%% NDSS
%% ----------------------------------------------------------------------
@Proceedings{NDSS04,
  title        = { 11th } # NDSS,
  booktitle    = { 11th } # NDSS,
  month        = feb,
  year         = 2004,
  address      = {San Diego, CA},
}

@Proceedings{NDSS07,
  title        = { 14th } # NDSS,
  booktitle    = { 14th } # NDSS,
  month        = feb # {--} # mar,
  year         = 2007,
  address      = {San Diego, CA},
}

@Proceedings{NDSS08,
  title        = { 15th } # NDSS,
  booktitle    = { 15th } # NDSS,
  month        = feb,
  year         = 2008,
  address      = {San Diego, CA},
}
@Proceedings{NDSS09,
  title        = { 16th } # NDSS,
  booktitle    = { 16th } # NDSS,
  month        = feb,
  year         = 2009,
  address      = {San Diego, CA},
}

@Proceedings{NDSS10,
  title        = { 17th } # NDSS,
  booktitle    = { 17th } # NDSS,
  month        = feb # {--} # mar,
  year         = 2010,
  address      = {San Diego, CA},
}

@Proceedings{NDSS11,
  title        = { 18th } # NDSS,
  booktitle    = { 18th } # NDSS,
  month        = feb,
  year         = 2011,
  address      = {San Diego, CA},
}
@Proceedings{NDSS12,
  title        = { 19th } # NDSS,
  booktitle    = { 19th } # NDSS,
  month        = feb,
  year         = 2012,
  address      = {San Diego, CA},
}

@Proceedings{NDSS15,
  title        = { 2015 } # NDSS,
  booktitle    = { 2015 } # NDSS,
  month        = feb,
  year         = 2015,
  address      = {San Diego, CA},
}

@Proceedings{NDSS16,
  title        = { 2016 } # NDSS,
  booktitle    = { 2016 } # NDSS,
  month        = feb,
  year         = 2016,
  address      = {San Diego, CA},
}

@Proceedings{NDSS18,
  title        = { 2018 } # NDSS,
  booktitle    = { 2018 } # NDSS,
  month        = feb,
  year         = 2018,
  address      = {San Diego, CA},
}

@Proceedings{NDSS20,
  title        = { 2020 } # NDSS,
  booktitle    = { 2020 } # NDSS,
  month        = feb,
  year         = 2020,
  address      = {San Diego, CA},
}

%% ----------------------------------------------------------------------
%% SIGCOMM
%% ----------------------------------------------------------------------
@Proceedings{SIGCOMM04,
  title        = { 15th } # SIGCOMM,
  booktitle    = { 15th } # SIGCOMM,
  month        = aug # {--} # sep,
  year         = 2004,
  address      = {Portland, OR},
}

@Proceedings{SIGCOMM06,
  title        = { 17th } # SIGCOMM,
  booktitle    = { 17th } # SIGCOMM,
  month        = aug,
  year         = 2006,
  address      = {Stanford, CA},
}

@Proceedings{SIGCOMM15,
  title        = { 2015 } # SIGCOMM,
  booktitle    = { 2015 } # SIGCOMM,
  month        = aug,
  year         = 2015,
  address      = {London, United Kingdom},
}
%% ----------------------------------------------------------------------
%% POPL
%% ----------------------------------------------------------------------
@Proceedings{POPL90,
  title        = { 17th } # POPL,
  booktitle    = { 17th } # POPL,
  month        = jan,
  year         = 1990,
  address      = {San Francisco, CA},
}

@Proceedings{POPL06,
  title        = { 33rd } # POPL,
  booktitle    = { 33rd } # POPL,
  month        = jan,
  year         = 2006,
  address      = {Charleston, South Carolina},
}

@Proceedings{POPL07,
  title        = { 34th } # POPL,
  booktitle    = { 34th } # POPL,
  month        = jan,
  year         = 2007,
  address      = {Nice, France},
}
@Proceedings{POPL08,
  title        = { 35th } # POPL,
  booktitle    = { 35th } # POPL,
  month        = jan,
  year         = 2008,
  address      = {San Francisco, CA},
}

@Proceedings{POPL11,
  title        = { 38th } # POPL,
  booktitle    = { 38th } # POPL,
  month        = jan,
  year         = 2011,
  address      = {Austin, TX},
}

@Proceedings{POPL12,
  title        = { 39th } # POPL,
  booktitle    = { 39th } # POPL,
  month        = jan,
  year         = 2012,
  address      = {Philadelphia, PA},
}

%% ----------------------------------------------------------------------
%% TACAS 
%% ----------------------------------------------------------------------
@Proceedings{TACAS98,
  title        = { 4th } # TACAS,
  booktitle    = { 4th } # TACAS,
  month        = mar # {--} # apr,
  year         = 1998,
  address      = {Lisbon, Portugal},
}

@Proceedings{TACAS08,
  title        = { 14th } # TACAS,
  booktitle    = { 14th } # TACAS,
  month        = mar # {--} # apr,
  year         = 2008,
  address      = {Budapest, Hungary},
}

@Proceedings{TACAS09,
  title        = { 15th } # TACAS,
  booktitle    = { 15th } # TACAS,
  month        = mar,
  year         = 2009,
  address      = {York, UK},
}


@Proceedings{CC01,
  title        = { 10th } # CC,
  booktitle    = { 10th } # CC,
  month        = apr,
  year         = 2001,
  address      = {Genova, Italy},
}


@Proceedings{CGO04,
  title        = { 2004 } # CGO,
  booktitle    = { 2004 } # CGO,
  month        = mar,
  year         = 2004,
  address      = {Palo Alto, CA},
}

@Proceedings{CGO15,
  title        = { 2015 } # CGO,
  booktitle    = { 2015 } # CGO,
  month        = feb,
  year         = 2015,
  address      = {San Francisco, CA},
}
%% ----------------------------------------------------------------------
%% ESORICS 
%% ----------------------------------------------------------------------

@Proceedings{ESORICS04,
  title        = { 9th } # ESORICS,
  booktitle    = { 9th } # ESORICS,
  month        = sep,
  year         = 2004,
  address      = {Sophia Antipolis, France},
}

@Proceedings{ESORICS10,
  title        = { 15th } # ESORICS,
  booktitle    = { 15th } # ESORICS,
  month        = sep,
  year         = 2010,
  address      = {Athens, Greece},
}

@Proceedings{ESORICS11,
  title        = { 16th } # ESORICS,
  booktitle    = { 16th } # ESORICS,
  month        = sep,
  year         = 2011,
  address      = {Leuven, Belgium},
}

%% ----------------------------------------------------------------------
%% OOPSLA 
%% ----------------------------------------------------------------------

@Proceedings{OOPSLA13,
  title        = { 24th } # OOPSLA,
  booktitle    = { 24th } # OOPSLA,
  month        = oct,
  year         = 2013,
  address      = {Indianapolis, IN},
}

@Proceedings{OOPSLA04,
  title        = { 15th } # OOPSLA,
  booktitle    = { 15th } # OOPSLA,
  month        = oct,
  year         = 2004,
  address      = {Vancouver, Canada},
}

%% ----------------------------------------------------------------------
%% PODC 
%% ----------------------------------------------------------------------

@Proceedings{PODC94,
  title        = { 13th } # PODC,
  booktitle    = { 13th } # PODC,
  month        = aug,
  year         = 1994,
  address      = {Los Angeles, CA},
}

@Proceedings{PODC07,
  title        = { 26th } # PODC,
  booktitle    = { 26th } # PODC,
  month        = aug,
  year         = 2007,
  address      = {Portland, OR},
}

%% ----------------------------------------------------------------------
%% PPOPP 
%% ----------------------------------------------------------------------

@Proceedings{PPOPP08,
  title        = { 13th } # PPOPP,
  booktitle    = { 13th } # PPOPP,
  month        = feb,
  year         = 2008,
  address      = {Salt Lake City, UT},
}

@Proceedings{PPOPP12,
  title        = { 17th } # PPOPP,
  booktitle    = { 17th } # PPOPP,
  month        = feb,
  year         = 2012,
  address      = {New Orleans, LA},
}


@Proceedings{PPOPP13,
  title        = { 18th } # PPOPP,
  booktitle    = { 18th } # PPOPP,
  month        = feb,
  year         = 2013,
  address      = {Shenzhen, China},
}

@Proceedings{PPOPP14,
  title        = { 19th } # PPOPP,
  booktitle    = { 19th } # PPOPP,
  month        = feb,
  year         = 2014,
  address      = {Orlando, FL},
}

@Proceedings{PPOPP15,
  title        = { 20th } # PPOPP,
  booktitle    = { 20th } # PPOPP,
  month        = feb,
  year         = 2015,
  address      = {San Francisco, CA},
}

%% ----------------------------------------------------------------------
%% SOCC
%% ----------------------------------------------------------------------
@Proceedings{SOCC10,
  title        = { 1st } # SOCC,
  booktitle    = { 1st } # SOCC,
  month        = jun,
  year         = 2010,
  address      = {Indianapolis, Indiana, USA},
}

@Proceedings{SOCC11,
  title        = { 2nd } # SOCC,
  booktitle    = { 2nd } # SOCC,
  month        = oct,
  year         = 2011,
  address      = {Cascais, Portugal},
}

@Proceedings{SOCC12,
  title        = { 3rd } # SOCC,
  booktitle    = { 3rd } # SOCC,
  month        = oct,
  year         = 2012,
  address      = {San Jose, CA},
}

@Proceedings{SOCC13,
  title        = { 4th } # SOCC,
  booktitle    = { 4th } # SOCC,
  month        = oct,
  year         = 2013,
  address      = {Santa Clara, CA},
}

@Proceedings{SOCC14,
  title        = { 5th } # SOCC,
  booktitle    = { 5th } # SOCC,
  month        = nov,
  year         = 2014,
  address      = {Seattle, WA},
}

@Proceedings{SOCC15,
  title        = { 6th } # SOCC,
  booktitle    = { 6th } # SOCC,
  month        = aug,
  year         = 2015,
  address      = {Kohala Coast, Hawaii},
}

%% ----------------------------------------------------------------------
%% SC
%% ----------------------------------------------------------------------
@Proceedings{SC14,
  title        = { 2014 } # SC # { (SC'14)},
  booktitle    = { 2014 } # SC # { (SC'14)},
  month        = nov,
  year         = 2014,
  address      = {New Orleans, LA},
}

@Proceedings{SC15,
  title        = { 2015 } # SC # { (SC'15)},
  booktitle    = { 2015 } # SC # { (SC'15)},
  month        = nov,
  year         = 2015,
  address      = {Austin, TX},
}

@Proceedings{PACT10,
  title        = { 19th } # PACT,
  booktitle    = { 19th } # PACT,
  month        = sep,
  year         = 2010,
  address      = {Vienna, Austria},
}

%% ----------------------------------------------------------------------
%% ISCA 
%% ----------------------------------------------------------------------

@Proceedings{ISCA93,
  title        = { 20th } # ISCA,
  booktitle    = { 20th } # ISCA,
}
@Proceedings{ISCA10,
  title        = { 37th } # ISCA,
  booktitle    = { 37th } # ISCA,
  month        = jun,
  year         = 2010,
  address      = {San Jose, California, USA},
}

@Proceedings{ISCA11,
  title        = { 38th } # ISCA,
  booktitle    = { 38th } # ISCA,
  month        = jun,
  year         = 2011,
  address      = {San Jose, California, USA},
}


@Proceedings{ISCA14,
  title        = { 41st } # ISCA,
  booktitle    = { 41st } # ISCA,
  month        = jun,
  year         = 2014,
  address      = {Minneapolis, MN},
}

@Proceedings{HOTNET15,
  title        = { 14th } # HOTNETS,
  booktitle    = { 14th } # HOTNETS,
  month        = nov,
  year         = 2015,
  address      = {Philadelphia, PA},
}

@Proceedings{SDNNFVSEC16,
  title        = { 1st } # SDNNFVSEC,
  booktitle    = { 1st } # SDNNFVSEC,
  month        = mar,
  year         = 2016,
  address      = {New Orleans, LA},
}

@Proceedings{RAID12,
  title        = { 15th } # RAID,
  booktitle    = { 15th } # RAID,
  month        = sep,
  year         = 2012,
  address      = {Amsterdam, Netherlands},
}

@Proceedings{RAID19,
  title        = { 22nd } # RAID,
  booktitle    = { 22nd } # RAID,
  month        = sep,
  year         = 2019,
  address      = {Beijing, China},
}

@Proceedings{HOTOS15,
  title        = { 15th } # HOTOS # { (HotOS XV)},
  booktitle    = { 15th } # HOTOS # { (HotOS XV)},
  month        = may,
  year         = 2015,
  address      = {Kartause Ittingen, Switzerland},
}

@Proceedings{HOTPOWER15,
  title        = HOTPOWER,
  booktitle    = HOTPOWER,
  month        = oct,
  year         = 2015,
  address      = {Monterey, California},
}

@Proceedings{FAST15,
  title        = { 13th } # FAST  # { (FAST 15) },
  booktitle    = { 13th } # FAST  # { (FAST 15) },
  month        = feb,
  year         = 2015,
  address      = {Santa Clara, CA},
}

%% ----------------------------------------------------------------------
%% ICSE 
%% ----------------------------------------------------------------------

@Proceedings{ICSE07,
  title        = { 29th } # ICSE,
  booktitle    = { 29th } # ICSE,
  month        = may,
  year         = 2007,
  address      = {Minneapolis, MN},
}

@Proceedings{ISMM10,
  title       = { 2010 } # ISMM,
  booktitle   = { 2010 } # ISMM,
  month       = jun,
  year        = 2010,
  address     = {Toronto, Canada},
}

@Proceedings{ICDCS07,
  title       = { 27th } # ICDCS,
  booktitle   = { 27th } # ICDCS,
  month       = jun,
  year        = 2007,
  address     = {Toronto, Canada},
}

@Proceedings{ICDCS10,
  title        = { 30th } # ICDCS,
  booktitle    = { 30th } # ICDCS,
  year         = 2010
}

@Proceedings{ICDCS11,
  title        = { 31st } # ICDCS,
  booktitle    = { 31st } # ICDCS,
  year         = 2011
}

@Proceedings{ICSE08,
  title        = { 30th } # ICSE,
  booktitle    = { 30th } # ICSE,
  month        = may,
  year         = 2008,
  address      = {Leipzig, Germany},
}

@Proceedings{ICSE11,
  title        = { 33th } # ICSE,
  booktitle    = { 33th } # ICSE,
  month        = may,
  year         = 2007,
  address      = {Honolulu, HI},
}

@Proceedings{ICSE12,
  title        = { 34th } # ICSE,
  booktitle    = { 34th } # ICSE,
  month        = jun,
  year         = 2012,
  address      = {Zurich, Switzerland},
}
@Proceedings{ICSE13,
  title        = { 35th } # ICSE,
  booktitle    = { 35th } # ICSE,
  month        = may,
  year         = 2013,
  address      = {San Francisco, CA},
}

@Proceedings{ICSE14,
  title        = { 36th } # ICSE,
  booktitle    = { 36th } # ICSE,
  month        = may # {--} # jun,
  year         = 2014,
  address      = {Hyderabad, India},
}

@Proceedings{ICSE20,
  title        = { 42nd } # ICSE,
  booktitle    = { 42nd } # ICSE,
  month        = jul,
  year         = 2020,
  address      = {Seoul, South Korea},
}

@Proceedings{ICSE22,
  title        = { 44th } # ICSE,
  booktitle    = { 44th } # ICSE,
  month        = may,
  year         = 2022,
  address      = {Pittsburgh, PA},
}
%% ----------------------------------------------------------------------
%% FSE 
%% ----------------------------------------------------------------------

@Proceedings{ESECFSE05,
  title        = { 10th } # ESEC # { / } # { 13th } # FSE,
  booktitle    = { 10th } # ESEC # { / } # { 13th } # FSE,
  month        = sep,
  year         = 2005,
  address      = {Lisbon, Portugal},
}

@Proceedings{FSE12,
  title        = { 20th } # FSE,
  booktitle    = { 20th } # FSE,
  month        = nov,
  year         = 2012,
  address      = {Cary, NC},
}

@Proceedings{ESECFSE13,
  title        = { 18th } # ESEC # { / } # { 21st } # FSE,
  booktitle    = { 18th } # ESEC # { / } # { 21st } # FSE,
  month        = aug,
  year         = 2013,
  address      = {Saint Petersburg, Russia},
}

@Proceedings{FSE14,
  title        = { 22nd } # FSE,
  booktitle    = { 22nd } # FSE,
  month        = nov,
  year         = 2014,
  address      = {Hong Kong},
}

@Proceedings{FSE16,
  title        = { 24th } # FSE,
  booktitle    = { 24th } # FSE,
  month        = nov,
  year         = 2016,
  address      = {Seattle, WA},
}

@Proceedings{ASE06,
  title        = { 21st } # ASE,
  booktitle    = { 21st } # ASE,
  month        = sep,
  year         = 2006,
  address      = {Tokyo, Japan},
}

@Proceedings{ASE08,
  title        = { 23rd } # ASE,
  booktitle    = { 23rd } # ASE,
  month        = sep,
  year         = 2008,
  address      = {L'Aquila, Italy},
}

@Proceedings{CAV11,
  title        = { 23rd } # CAV,
  booktitle    = { 23rd } # CAV,
  month        = jul,
  year         = 2011,
  address      = {Snowbird, UT},
}

%% ----------------------------------------------------------------------
%% ISSTA 
%% ----------------------------------------------------------------------

@Proceedings{ISSTA02,
  title        = { } # ISSTA,
  booktitle    = { } # ISSTA,
  year         = 2007,
}

@Proceedings{ISSTA07,
  title        = { } # ISSTA,
  booktitle    = { } # ISSTA,
  month        = jul,
  year         = 2007,
  address      = {London, UK},
}

@Proceedings{ISSTA09,
  title        = { } # ISSTA,
  booktitle    = { } # ISSTA,
  month        = jul,
  year         = 2009,
  address      = {Chicago, IL},
}

@Proceedings{ISSTA11,
  title        = { } # ISSTA,
  booktitle    = { } # ISSTA,
  month        = jul,
  year         = 2011,
  address      = {Toronto, Canada},
}

@Proceedings{ISSTA14,
  title        = { } # ISSTA,
  booktitle    = { } # ISSTA,
  month        = jul,
  year         = 2014,
  address      = {San Jose, CA},
}

@Proceedings{TOPLAS10,
  title        = { } # TOPLAS,
  booktitle    = { } # TOPLAS,
  month        = aug,
  year         = 2010,
  address      = {},
}

@Proceedings{ASIACCS09,
  title        = { 4th } # ASIACCS,
  booktitle    = { 4th } # ASIACCS,
  month        = mar,
  year         = 2009,
  address      = {Sydney, Australia},
}

@Proceedings{ASIACCS16,
  title        = { 11th } # ASIACCS,
  booktitle    = { 11th } # ASIACCS,
  month        = may # {--} # jun,
  year         = 2016,
  address      = {Xi'an, China},
}

@Proceedings{MICRO15,
  title        = { 48th } # MICRO,
  booktitle    = { 48th } # MICRO,
  month        = dec,
  year         = 2015,
  address      = {Waikiki, Hawaii},
}

@Proceedings{HPCA14,
  title        = { 20th } # HPCA,
  booktitle    = { 20th } # HPCA,
  month        = feb,
  year         = 2014,
  address      = {Orlando, FL, USA},
}

@Proceedings{HPCA15,
  title        = { 21st } # HPCA,
  booktitle    = { 21st } # HPCA,
  month        = feb,
  year         = 2015,
  address      = {San Francisco, CA},
}


@Proceedings{ICDE14,
  title        = { 30th } # ICDE,
  booktitle    = { 30th } # ICDE,
  month        = mar # {--} # apr,
  year         = 2014,
  address      = {Chicago, IL},
}

%% ----------------------------------------------------------------------
%% WWW
%% ----------------------------------------------------------------------
@Proceedings{WWW04,
  title        = { 19th } # WWW,
  booktitle    = { 19th } # WWW,
  month        = apr,
  year         = 2004,
  address      = {New York, NY},
}

@Proceedings{WWW06,
  title        = { 15th } # WWW,
  booktitle    = { 15th } # WWW,
  month        = may,
  year         = 2006,
  address      = {Edinburgh, Scotland},
}

@Proceedings{WWW07,
  title        = { 16th } # WWW,
  booktitle    = { 16th } # WWW,
  month        = may, 
  year         = 2007,
  address      = {Alberta, Canada},
}

@Proceedings{WWW10,
  title        = { 19th } # WWW,
  booktitle    = { 19th } # WWW,
  month        = apr,
  year         = 2010,
  address      = {Raleigh, NC},
}

@Proceedings{WWW11,
  title        = { 20th } # WWW,
  booktitle    = { 20th } # WWW,
  month        = apr,
  year         = 2011,
  address      = {Hyderabad, India},
}

@Proceedings{WWW15,
  title        = { 24th } # WWW,
  booktitle    = { 24th } # WWW,
  year         = 2015
}

@Proceedings{ACSAC09,
  title        = { } # ACSAC,
  booktitle    = { } # ACSAC,
  year         = 2009
}

@Proceedings{ACSAC11,
  title        = { } # ACSAC,
  booktitle    = { } # ACSAC,
  year         = 2011
}

@Proceedings{ACSAC12,
  title        = { } # ACSAC,
  booktitle    = { } # ACSAC,
  year         = 2012
}

@Proceedings{BLACKHAT12,
  title        = BLACKHAT,
  year         = 2012,
  month        = aug,
}

@Proceedings{MOBISYS17,
  title        = "15th " # MOBISYS,
  booktitle    = "15th " # MOBISYS,
  month        = jun,
  year         = 2017,
  address      = {Niagara Falls, NY},
}

@Proceedings{MOBISYS16,
  title        = "14th " # MOBISYS,
  booktitle    = "14th " # MOBISYS,
  month        = jun,
  year         = 2016,
  address      = {Singapore},
}

@Proceedings{MOBISYS23,
  title        = "21st " # MOBISYS,
  booktitle    = "21st " # MOBISYS,
  month        = jun,
  year         = 2023,
  address      = {Helsinki, Finland}
}

@Proceedings{MOBICOM19,
  title        = "25th " # MOBICOM,
  booktitle    = "25th " # MOBICOM,
  month        = oct,
  year         = 2019,
  address      = {Los Cabos, Mexico},
}

@Proceedings{MDM17,
  title        = "18th " # MDM,
  booktitle    = "18th " # MDM,
  month        = jun,
  year         = 2017,
  address      = {Daejeon, South Korea},
}

@Proceedings{ISVC19,
  title        = {14th International Symposium on Visual Computing \textbf{(ISVC)}},
  booktitle    = {14th International Symposium on Visual Computing \textbf{(ISVC)}},
  month        = oct,
  year         = 2019,
  address      = {Lake Tahoe, Nevada/California}
}

@Proceedings{UIST24,
  title        = {ACM Symposium on User Interface Software and Technology \textbf{(UIST)}},
  booktitle    = {ACM Symposium on User Interface Software and Technology \textbf{(UIST)}},
  year         = 2024,
  month        = oct,
  address      = {Pittsburgh, PA},
}
