@inproceedings{mobileplus,
  title={Mobile plus: Multi-device mobile platform for cross-device functionality sharing},
  author={Oh, Sangeun and Yoo, Hyuck and Jeong, Dae R. and Bui, Duc Hoang and Shin, Insik},
  crossref={MOBISYS17}
}

@inproceedings{hfl,
  title={{HFL}: Hybrid Fuzzing on the Linux Kernel},
  author={Kim, Kyungtae and Jeong, Dae R. and Kim, Chung Hwan and Jang, Yeongjin and Shin, Insik and Lee, Byoungyoung},
  crossref={NDSS20}
}

@inproceedings{fluid,
  title={FLUID: Multi-device Mobile Platform for Flexible User Interface Distribution},
  author={Oh, Sangeun and Kim, Ahyeon and Lee, Sunjae and Lee, Kilho and Jeong, Dae R. and Ko, Steven Y and Shin, Insik},
  crossref={MOBICOM19}
}

@inproceedings{razzer,
  title={Razzer: Finding kernel race bugs through fuzzing},
  author={Jeong, Dae R. and Kim, Kyungtae and Shivakumar, Basavesh and Lee, Byoungyoung and Shin, Insik},
  crossref={SP19}
}

@inproceedings{choi2019light,
  title={Light-Weight Novel View Synthesis for Casual Multiview Photography {(Oral)}},
  author={Choi, Inchang and Lee, Yeong Beum and Jeong, Dae R. and Shin, Insik and Kim, Min H},
  crossref={ISVC19},
}

@inproceedings{aitia,
  title={Diagnosing Kernel Concurrency Failures with {AITIA}},
  author={Jeong, Dae R. and Jung, Minkyu and Lee, Yoochan and Lee, Byoungyoung and Shin, Insik and Youngjin Kwon},
  crossref={EUROSYS23},
  date={2023-05-01},
}


@inproceedings{mobileplusmdm,
  title={Mobile Platform Design for Sharing Functionalities between Multiple Devices},
  author={Oh, Sangeun and Yoo, Hyuck and Jeong, Dae R. and Bui, Duc Hoang and Shin, Insik},
  crossref={MDM17}
}

@inproceedings{gpgpu,
  title={{GPGPU Parallelization Techniques for Redundancy Elimination Algorithm}},
  author={Joe, Byunggil and Jeong, Dae R. and Lee, Jiyeon and Shin, Insik},
  year={2014},
  booktitle={Korean Institute of Information Scientists and Engineers},
}

@inproceedings{mobap-cpu,
  title={New CPU load classification method for device-agnostic mobile power consumption prediction model},
  author={Kim, Kwangho and Lee, Sera and Jeong, Dae R. and Shin, Insik},
  year={2022},
  booktitle={Korean Institute of Information Scientists and Engineers}
}

@inproceedings{mobap,
  title={{MoBaP}: Mobile Battery Prediction Framework for Video Streaming},
  author={Lee, Sera and Jeong, Dae R. and Shin, Insik},
  year={2021},
  booktitle={Korean Institute of Information Scientists and Engineers}
}

@inproceedings{mobileplusposter,
  title={{Mobile Plus: Mobile platform for Transparent Sharing of Functionalities Across Devices (Poster)}},
  author={Oh, Sangeun and Yoo, Hyuck and Jeong, Dae R. and Park, Sooyoung and Bui, Duc Hoang and Moon, Sungsoo and Shin, Insik},
  booktitle={Poster at the 14th ACM International Conference on Mobile Computing Systems \textbf{(MobiSys)}.},
  year={2016}
}

@inproceedings{segfuzz,
  title={{SegFuzz}: Segmentizing Thread Interleaving to Discover Kernel Concurrency Bugs through Fuzzing},
  author={Jeong, Dae R. and Lee, Byoungyoung and Shin, Insik and Youngjin Kwon},
  crossref={SP23},
  date={2023-05-23},
}

@inproceedings{mixmax,
  title={MixMax: Leveraging Heterogeneous Batteries to Alleviate Low Battery Experience for Mobile Users (to appear)},
  author={Kwak, Jaeheon and Lee, Sunjae and Jeong, Dae R. and Kumar, Arjun and Shin, Dongjae and Kim, Ilju and Shin, Donghwa and Lee, Kilho and Lee, Jinkyu and Shin, Insik},
  crossref={MOBISYS23}
}


@inproceedings{fluidgetmobile,
  title={FLUID: FLEXIBLE USER INTERFACE DISTRIBUTION FOR UBIQUITOUS MULTI-DEVICE INTERACTION},
  author={Oh, Sangeun and Kim, Ahyeon and Lee, Sunjae and Lee, Kilho and Jeong, Dae R. and Shin, Insik and Ko, Steven Y},
  booktitle={GETMOBILE-MOBILE COMPUTING \& COMMUNICATIONS REVIEW 23 (4), 25â€“29 2019.},
  year={2019}
}